% This file was created with JabRef 2.8.
% Encoding: Cp1252

@BOOK{Ack84,
  title = {Abtastregelung},
  publisher = {Springer Verlag},
  year = {1984},
  author = {Ackerman, J.},
  address = {Berlin}
}

@BOOK{Lun02,
  title = {Regelungstechnik 2: Mehrgrößensysteme, Digitale Regelung},
  publisher = {Springer Verlag},
  year = {2002},
  author = {Lunze, J.},
  address = {Berlin}
}

@BOOK{Lun01,
  title = {Regelungstechnik 1: Systemtheoretische Grundlagen Analyse und Entwurf
	einschleifiger Reglung},
  publisher = {Springer Verlag},
  year = {2001},
  author = {Lunze, J.},
  address = {Berlin}
}

@BOOK{Oga02,
  title = {Modern Control Engineering.},
  publisher = {Prentice Hall},
  year = {2002},
  author = {Ogata, K.},
  edition = {4th Edition}
}

@INCOLLECTION{soeffker99,
  author = {S{\"o}ffker, D.},
  title = {Observer-based measurement of contact forces of the nonlinear rail-wheel
	contact as a base for advanced traction control},
  booktitle = {Mechatronics and Advanced Motion Control},
  publisher = {HNI-Verlagsschriftenreihe},
  year = {1999},
  editor = {Wallaschek, J. and L\"uckel, J. and Littmann, W.},
  volume = {49},
  pages = {305--320}
}

@BOOK{Unb97,
  title = {Regelungstechnik I: Klassische Verfahren zur Analyse und Synthese
	linearer kontinuierlicher Regelsysteme.},
  publisher = {Vieweg Verlag},
  year = {1997},
  author = {Unbehauen, H.},
  address = {Braunschweig/Wiesbaden}
}

@BOOK{Spong:89,
  title = {Robot Dynamics and Control},
  publisher = {John Wiley and Sons},
  year = {1989},
  author = {M.W. Spong and M. Vidyasagar},
  address = {New York}
}

@ARTICLE{Huang:2004,
  author = {A.C. Huang and Y.C. Chen},
  title = {Adaptive Sliding Control for Single-Link Flexible-Joint Robot with
	Mismatched Uncertainties},
  journal = {IEEE Transactions on Control Systems Technology},
  year = {2004},
  volume = {12},
  pages = {770-775},
  number = {5}
}
